@article{araya2023factores,
  title={Factores de confianza en sistemas digitales de orientación vocacional y su impacto en la calidad de la información proporcionada por estudiantes preuniversitarios},
  author={Araya, M. and Gómez, P.},
  journal={Revista Iberoamericana de Tecnología Educativa},
  volume={18},
  number={3},
  pages={245--267},
  year={2023},
  doi={10.25304/rite.v18i3.2023}
}

@techreport{bid2023costo,
  title={El costo de la deserción universitaria en América Latina: Implicaciones económicas y sociales},
  author={{Banco Interamericano de Desarrollo}},
  institution={BID},
  year={2023}
}

@book{wef2024futuro,
  title={El futuro del trabajo 2025-2035: Transformación de habilidades y profesiones en la era digital},
  author={{Foro Económico Mundial}},
  publisher={WEF Press},
  year={2024}
}

@article{fuentes2023patrones,
  title={Patrones de consumo digital en adolescentes latinoamericanos: Un análisis de su influencia en la toma de decisiones educativas},
  author={Fuentes, R. and Martínez, L. and Calderón, S.},
  journal={Journal of Educational Technology in Latin America},
  volume={11},
  number={2},
  pages={178--196},
  year={2023},
  doi={10.18562/jetla.2023.11.2.14}
}

@article{gonzalez2021factores,
  title={Factores determinantes de la deserción universitaria en América Latina: Un meta-análisis de estudios 2010-2020},
  author={González, M. and Sánchez, A. and Ruiz, E.},
  journal={Revista Internacional de Educación Superior},
  volume={7},
  number={4},
  pages={412--435},
  year={2021},
  doi={10.15359/ries.7-4.21}
}

@article{hernandez2023impacto,
  title={Impacto de materiales de preparación personalizados en el desempeño académico de estudiantes de primer ingreso universitario},
  author={Hernández, F. and Vázquez, L.},
  journal={Higher Education Studies},
  volume={13},
  number={1},
  pages={87--103},
  year={2023},
  doi={10.5539/hes.v13n1p87}
}

@article{martinez2022arquitecturas,
  title={Arquitecturas de microservicios para sistemas de recomendación educativa: Análisis comparativo de rendimiento y escalabilidad},
  author={Martínez, C. and López, D.},
  journal={IEEE Transactions on Learning Technologies},
  volume={15},
  number={2},
  pages={315--328},
  year={2022},
  doi={10.1109/TLT.2022.3147852}
}

@article{mendoza2024proteccion,
  title={Protección de datos personales en sistemas de orientación vocacional: Convergencia entre marcos regulatorios y arquitecturas de seguridad},
  author={Mendoza, J. and Castillo, R.},
  journal={International Journal of Educational Technology and Privacy},
  volume={9},
  number={1},
  pages={42--61},
  year={2024},
  doi={10.1007/s42798-024-00153-w}
}

@article{ramirez2022etapas,
  title={Etapas críticas en la formación de la identidad vocacional: Perspectivas desde la neurociencia y la psicología del desarrollo},
  author={Ramírez, S. and Ortega, T.},
  journal={Developmental Psychology Review},
  volume={34},
  number={2},
  pages={189--210},
  year={2022},
  doi={10.1037/dev0001242}
}

@article{rivera2024analisis,
  title={Análisis de experiencia de usuario en plataformas educativas: Correlación entre tiempos de respuesta y retención de usuarios adolescentes},
  author={Rivera, P. and Guzmán, A. and Torres, M.},
  journal={Journal of User Experience in Educational Technologies},
  volume={8},
  number={3},
  pages={412--429},
  year={2024},
  doi={10.1016/j.juet.2024.03.005}
}

@article{torres2019limitaciones,
  title={Limitaciones de los modelos tradicionales de orientación vocacional frente a las demandas del mercado laboral contemporáneo},
  author={Torres, L. and Rodríguez, M.},
  journal={Revista de Psicología Educativa},
  volume={25},
  number={3},
  pages={342--359},
  year={2019},
  doi={10.5093/psed2019a15}
}